% 1
@INPROCEEDINGS{6497752,
  author={Ali, Tausif and Al Mansur, Ahmed and Bin Shams, Zubaeer and Ferdous, S.M. and Hoque, Md. Ashraful},
  booktitle={2011 International Conference \& Utility Exhibition on Power and Energy Systems: Issues and Prospects for Asia (ICUE)}, 
  title={An overview of smart grid technology in Bangladesh: Development and opportunities}, 
  year={2011},
  volume={},
  number={},
  pages={1-5},
  keywords={Communication;Distribution Loss;Energy storage;Load Shedding;Power system;Smart grid;Sensor;Smart Meter;Security System;Transmission Loss},
  doi={10.1109/ICUEPES.2011.6497752}}

% 2
@INPROCEEDINGS{6563537,
  author={Grigorescu, S. D. and Ghita, O. M. and Cepisca, C. and Vintea, A. S.},
  booktitle={2013 8TH INTERNATIONAL SYMPOSIUM ON ADVANCED TOPICS IN ELECTRICAL ENGINEERING (ATEE)}, 
  title={Power quality monitoring systems for smart grid networks}, 
  year={2013},
  volume={},
  number={},
  pages={1-4},
  keywords={Harmonic analysis;Data acquisition;Monitoring;Power measurement;Software;Power quality;Smart grids},
  doi={10.1109/ATEE.2013.6563537}}

% 3
@misc{clou2023,
  author={Clou, Shenzen},
  title={What is power quality and why it is important},
  howpublished={SMART ENERGY INTERNATIONAL},
  year={2023},
  note={Available: \url{https://smart-energy.com/industry-sectors/smart-grid/what-is-power-quality-and-why-it-is-important/} [Accessed: May 11, 2024]}
}

% 4
@INPROCEEDINGS{9270536,
  author={Huang, Mengyu},
  booktitle={2020 International Conference on Computer Vision, Image and Deep Learning (CVIDL)}, 
  title={Theory and Implementation of linear regression}, 
  year={2020},
  volume={},
  number={},
  pages={210-217},
  keywords={Fitting;Deep learning;Computer vision;Linear regression;Fitting straight lines;Food truck},
  doi={10.1109/CVIDL51233.2020.00-99}}

% 5
@INPROCEEDINGS{6563537,
  author={Grigorescu, S. D. and Ghita, O. M. and Cepisca, C. and Vintea, A. S.},
  booktitle={2013 8TH INTERNATIONAL SYMPOSIUM ON ADVANCED TOPICS IN ELECTRICAL ENGINEERING (ATEE)}, 
  title={Power quality monitoring systems for smart grid networks}, 
  year={2013},
  volume={},
  number={},
  pages={1-4},
  keywords={Harmonic analysis;Data acquisition;Monitoring;Power measurement;Software;Power quality;Smart grids},
  doi={10.1109/ATEE.2013.6563537}}

% 6
@INPROCEEDINGS{9230639,
  author={Kabir, Md. Arifur and Alam, Md. Samsul and Nahid-Al-Masood and Alam, Mohammad Khurshed},
  booktitle={2020 IEEE Region 10 Symposium (TENSYMP)}, 
  title={Voltage Performance Analysis with Integration of Utility Scale Solar PV Plant in Bangladesh National Grid}, 
  year={2020},
  volume={},
  number={},
  pages={682-685},
  keywords={Reactive power;Substations;Power system stability;Capacitors;Stability analysis;Photovoltaic systems;Switches;SPVG;P-V curve;Loadability margin;Voltage stability;Reactive compensation},
  doi={10.1109/TENSYMP50017.2020.9230639}}

% 7
@article{THENTRAL20225370,
  title = {Analysis of Power Quality issues of different types of household applications},
  journal = {Energy Reports},
  volume = {8},
  pages = {5370-5386},
  year = {2022},
  issn = {2352-4847},
  doi = {https://doi.org/10.1016/j.egyr.2022.04.010},
  url = {https://www.sciencedirect.com/science/article/pii/S2352484722007739},
  author = {T.M. Thamizh Thentral and R. Palanisamy and S. Usha and Mohit Bajaj and Hossam M. Zawbaa and Salah Kamel},
  keywords = {Power Quality issues, Total harmonics distortion, Different load combinations, Power factor, non-linear loads}
  }

% 8
@INPROCEEDINGS{8586572,
  author={Chawdhury, Md. Adil and Chattopadhyay, Debabrata},
  booktitle={2018 IEEE Power \& Energy Society General Meeting (PESGM)}, 
  title={A New Beginning in Frequency Control for the Bangladesh Power System}, 
  year={2018},
  volume={},
  number={},
  pages={1-5},
  keywords={Frequency control;Power system stability;Spinning;Frequency measurement;Generators;Turbines;Primary frequency control;Droop;FGMO;Spinning Reserve},
  doi={10.1109/PESGM.2018.8586572}}
















@article{khan2021sustainable,
  title={Sustainable supplier selection for the cold supply chain (CSC) in the context of a developing country},
  author={Khan, Amin Ullah and Ali, Yousaf},
  journal={Environment, development and sustainability},
  pages={1--30},
  year={2021},
  publisher={Springer}
}
@book{li2014managing,
  title={Managing supply chain and logistics: Competitive strategy for a sustainable future},
  author={Li, Ling},
  year={2014},
  publisher={World Scientific Publishing Company}
}
@inproceedings{tan2010logistics,
  title={Logistics and information technology: Previous research and future research expension},
  author={Tan, Mohd Iskandar Illyas and Desa, Mohammad Ishak and others},
  booktitle={2010 The 2nd International Conference on Computer and Automation Engineering (ICCAE)},
  volume={5},
  pages={242--246},
  year={2010},
  organization={IEEE}
}
@article{frederico2019,
  title={Supply Chain 4.0: concepts, maturity and research agenda},
  author={Frederico, Guilherme F and Garza-Reyes, Jose Arturo and Anosike, Anthony and Kumar, Vikas},
  journal={Supply Chain Management: An International Journal},
  volume={25},
  number={2},
  pages={262--282},
  year={2019},
  publisher={Emerald Publishing Limited}
}
@article{li2015engineering,
  title={Engineering informatics: state of the art and future trends},
  author={Li, da Xu},
  journal={Frontiers of Engineering Management},
  volume={1},
  number={3},
  pages={270--282},
  year={2015}
}
@article{mineraud2016gap,
  title={A gap analysis of Internet-of-Things platforms},
  author={Mineraud, Julien and Mazhelis, Oleksiy and Su, Xiang and Tarkoma, Sasu},
  journal={Computer Communications},
  volume={89},
  pages={5--16},
  year={2016},
  publisher={Elsevier}
}
@article{esmizadeh2021cold,
  title={Cold chain management in hierarchical operational hub networks},
  author={Esmizadeh, Yalda and Bashiri, Mahdi and Jahani, Hamed and Almada-Lobo, Bernardo},
  journal={Transportation Research Part E: Logistics and Transportation Review},
  volume={147},
  pages={102202},
  year={2021},
  publisher={Elsevier}
}
@article{george2014interpretive,
  title={An interpretive structural model (ISM) analysis approach in steel re rolling mills (SRRMS)},
  author={George, JACOB P and Pramod, VR},
  journal={International Journal of Research in Engineering \& Technology},
  volume={2},
  number={4},
  pages={161--174},
  year={2014}
}
@article{du2021hierarchical,
  title={Hierarchical DEMATEL method for complex systems},
  author={Du, Yuan-Wei and Li, Xiao-Xue},
  journal={Expert Systems with Applications},
  volume={167},
  pages={113871},
  year={2021},
  publisher={Elsevier}
}
@article{tsang2018internet,
  title={An Internet of Things (IoT)-based risk monitoring system for managing cold supply chain risks},
  author={Tsang, Yung Po and Choy, King Lun and Wu, Chun-Ho and Ho, George TS and Lam, Cathy HY and Koo, PS},
  journal={Industrial Management \& Data Systems},
  volume={118},
  number={7},
  pages={1432--1462},
  year={2018},
  publisher={Emerald Publishing Limited}
}
@article{alinezhad2019dematel,
  title={DEMATEL Method},
  author={Alinezhad, Alireza and Khalili, Javad and Alinezhad, Alireza and Khalili, Javad},
  journal={New Methods and Applications in Multiple Attribute Decision Making (MADM)},
  pages={103--108},
  year={2019},
  publisher={Springer}
}
@article{si2018dematel,
  title={DEMATEL technique: A systematic review of the state-of-the-art literature on methodologies and applications},
  author={Si, Sheng-Li and You, Xiao-Yue and Liu, Hu-Chen and Zhang, Ping},
  journal={Mathematical Problems in Engineering},
  volume={2018},
  pages={1--33},
  year={2018},
  publisher={Hindawi Limited}
}
@article{kamble2019modeling,
  title={Modeling the internet of things adoption barriers in food retail supply chains},
  author={Kamble, Sachin S and Gunasekaran, Angappa and Parekh, Harsh and Joshi, Sudhanshu},
  journal={Journal of Retailing and Consumer Services},
  volume={48},
  pages={154--168},
  year={2019},
  publisher={Elsevier}
}
@article{attri2013interpretive,
  title={Interpretive structural modelling (ISM) approach: an overview},
  author={Attri, Rajesh and Dev, Nikhil and Sharma, Vivek},
  journal={Research journal of management sciences},
  volume={2319},
  number={2},
  pages={1171},
  year={2013}
}
@article{li2019risks,
  title={Risks assessment in thermal power plants using ISM methodology},
  author={Li, Yongbo and Sankaranarayanan, Bathrinath and Thresh Kumar, D and Diabat, Ali},
  journal={Annals of Operations Research},
  volume={279},
  pages={89--113},
  year={2019},
  publisher={Springer}
}
@article{zhang2020exploring,
  title={Exploring the inner relationship among neighborhood environmental factors affecting quality of life of older adults based on SLR--ISM method},
  author={Zhang, Fan and Li, Dezhi and Ahrentzen, Sherry and Feng, Haibo},
  journal={Journal of Housing and the Built Environment},
  volume={35},
  pages={215--242},
  year={2020},
  publisher={Springer}
}
@article{gokarn2021modeling,
  title={Modeling the key factors influencing the reduction of food loss and waste in fresh produce supply chains},
  author={Gokarn, Samir and Choudhary, Aparna},
  journal={Journal of environmental management},
  volume={294},
  pages={113063},
  year={2021},
  publisher={Elsevier}
}
@article{singh2020integrated,
  title={An integrated DEMATEL-MMDE-ISM based approach for analysing the barriers of IoT implementation in the manufacturing industry},
  author={Singh, Rajdeep and Bhanot, Neeraj},
  journal={International Journal of Production Research},
  volume={58},
  number={8},
  pages={2454--2476},
  year={2020},
  publisher={Taylor \& Francis}
}
@article{cui2021internet,
  title={Internet of Things (IoT) adoption barriers for the circular economy using Pythagorean fuzzy SWARA-CoCoSo decision-making approach in the manufacturing sector},
  author={Cui, Yongfeng and Liu, Wei and Rani, Pratibha and Alrasheedi, Melfi},
  journal={Technological Forecasting and Social Change},
  volume={171},
  pages={120951},
  year={2021},
  publisher={Elsevier}
}
@inproceedings{abkenar2022determining,
  title={Determining the importance of barriers to IoT implementation using bayesian best-worst method},
  author={Abkenar, Zahra Asadipour and Lajimi, Hamidreza Fallah and Hamedi, Mahdie and Parkouhi, Sahar Valipour},
  booktitle={Advances in Best-Worst Method: Proceedings of the Second International Workshop on Best-Worst Method (BWM2021)},
  pages={144--159},
  year={2022},
  organization={Springer}
}
@article{kumar2018analysis,
  title={An analysis of barriers affecting the implementation of e-waste management practices in India: A novel ISM-DEMATEL approach},
  author={Kumar, Ashwani and Dixit, Gaurav},
  journal={Sustainable Production and Consumption},
  volume={14},
  pages={36--52},
  year={2018},
  publisher={Elsevier}
}
@article{meng2022study,
  title={Study on the influencing factors of the flight crew’s TSA based on DEMATEL--ISM method},
  author={Meng, Bin and Lu, Na and Lin, Chen and Zhang, Yunjing and Si, Qingmin and Zhang, Jinsong},
  journal={Cognition, Technology \& Work},
  pages={1--15},
  year={2022},
  publisher={Springer}
}
@article{babagolzadeh2020sustainable,
  title={Sustainable cold supply chain management under demand uncertainty and carbon tax regulation},
  author={Babagolzadeh, Mahla and Shrestha, Anup and Abbasi, Babak and Zhang, Yahua and Woodhead, Alice and Zhang, Anming},
  journal={Transportation Research Part D: Transport and Environment},
  volume={80},
  pages={102245},
  year={2020},
  publisher={Elsevier}
}
@article{urbano2020cost,
  title={Cost-effective implementation of a temperature traceability system based on smart RFID tags and IoT services},
  author={Urbano, Oscar and Perles, Angel and Pedraza, Cesar and Rubio-Arraez, Susana and Castell{\'o}, Mar{\'\i}a Luisa and Ortola, Mar{\'\i}a Dolores and Mercado, Ricardo},
  journal={Sensors},
  volume={20},
  number={4},
  pages={1163},
  year={2020},
  publisher={MDPI}
}

@article{raut2019improvement,
  title={Improvement in the food losses in fruits and vegetable supply chain-a perspective of cold third-party logistics approach},
  author={Raut, Rakesh D and Gardas, Bhaskar B and Narwane, Vaibhav S and Narkhede, Balkrishna E},
  journal={Operations research perspectives},
  volume={6},
  pages={100117},
  year={2019},
  publisher={Elsevier}
}
@article{sodhi2021supply,
  title={Supply chain management for extreme conditions: research opportunities},
  author={Sodhi, ManMohan S and Tang, Christopher S},
  journal={Journal of Supply Chain Management},
  volume={57},
  number={1},
  pages={7--16},
  year={2021},
  publisher={Wiley Online Library}
}
@article{zhang2021pharmaceutical,
  title={Pharmaceutical cold chain management based on blockchain and deep learning},
  author={Zhang, Ping and Liu, Xuchong and Li, Wenjun and Yu, Xiaofeng},
  journal={Journal of Internet Technology},
  volume={22},
  number={7},
  pages={1531--1542},
  year={2021}
}
@inproceedings{wanganoo2020real,
  title={Real-time data monitoring in cold supply chain through NB-IoT},
  author={Wanganoo, Leena and Shukla, Vinod Kumar},
  booktitle={2020 11th International Conference on Computing, Communication and Networking Technologies (ICCCNT)},
  pages={1--6},
  year={2020},
  organization={IEEE}
}
@inproceedings{stuurman2016iot,
  title={IoT Standardization-The Approach in the Field of Data Protection as a Model for Ensuring Compliance of IoT Applications?},
  author={Stuurman, Kees and Kamara, Irene},
  booktitle={2016 IEEE 4th International Conference on Future internet of things and Cloud Workshops (FiCloudW)},
  pages={336--341},
  year={2016},
  organization={IEEE}
}
@misc{khan2022exploration,
  title={Exploration of Critical Success Factors of Logistics 4.0: A DEMATEL Approach. Logistics 2022, 6, 13},
  author={Khan, Shahbaz and Singh, Rubee and Haleem, Abid and Dsilva, Jacinta and Samar Ali, Sadia},
  year={2022},
  publisher={s Note: MDPI stays neu-tral with regard to jurisdictional claims in~…}
}
@inproceedings{saleem2018iot,
  title={IoT standardisation: Challenges, perspectives and solution},
  author={Saleem, Jibran and Hammoudeh, Mohammad and Raza, Umar and Adebisi, Bamidele and Ande, Ruth},
  booktitle={Proceedings of the 2nd international conference on future networks and distributed systems},
  pages={1--9},
  year={2018}
}
@inproceedings{jerkins2017motivating,
  title={Motivating a market or regulatory solution to IoT insecurity with the Mirai botnet code},
  author={Jerkins, James A},
  booktitle={2017 IEEE 7th annual computing and communication workshop and conference (CCWC)},
  pages={1--5},
  year={2017},
  organization={IEEE}
}
@inproceedings{sarkar2022iot,
  title={IoT Enabled Cold Supply Chain Monitoring System},
  author={Sarkar, Sutapa and Akshatha, KS and Saurabh, Ankit and Samanvitha, B and Sarwar, Md Faizan},
  booktitle={2022 IEEE 3rd Global Conference for Advancement in Technology (GCAT)},
  pages={1--6},
  year={2022},
  organization={IEEE}
}
@inproceedings{mohsin2017iot,
  title={IoT based cold chain logistics monitoring},
  author={Mohsin, Afreen and Yellampalli, Siva S},
  booktitle={2017 IEEE International Conference on Power, Control, Signals and Instrumentation Engineering (ICPCSI)},
  pages={1971--1974},
  year={2017},
  organization={IEEE}
}
@inproceedings{wanganoo2021nb,
  title={NB-IoT Powered Last-Mile Delivery Framework for Cold Supply Chain},
  author={Wanganoo, Leena and Shukla, Vinod Kumar and Panda, Biranchi Prasad},
  booktitle={Data Driven Approach Towards Disruptive Technologies: Proceedings of MIDAS 2020},
  pages={257--268},
  year={2021},
  organization={Springer}
}
@article{zhang2017modeling,
  title={Modeling of an IoT-enabled supply chain for perishable food with two-echelon supply hubs},
  author={Zhang, Yingfeng and Zhao, Lin and Qian, Cheng},
  journal={Industrial Management \& Data Systems},
  volume={117},
  number={9},
  pages={1890--1905},
  year={2017},
  publisher={Emerald Publishing Limited}
}
@inproceedings{zhang2019nb,
  title={NB-IOT drives intelligent cold chain for best application},
  author={Zhang, Ning and Liu, Yingjie},
  booktitle={2019 IEEE 9th international conference on electronics information and emergency communication (ICEIEC)},
  pages={1--4},
  year={2019},
  organization={IEEE}
}
@incollection{cui2018supply,
  title={Supply Chain Innovation with IoT},
  author={Cui, Yu},
  booktitle={Multi-Criteria Methods and Techniques Applied to Supply Chain Management},
  year={2018},
  publisher={IntechOpen}
}
@article{tsang2017iot,
  title={An IoT-based cargo monitoring system for enhancing operational effectiveness under a cold chain environment},
  author={Tsang, YP and Choy, KL and Wu, Chun-Ho and Ho, GTS and Lam, HY and Koo, PS},
  journal={International Journal of Engineering Business Management},
  volume={9},
  pages={1847979017749063},
  year={2017},
  publisher={SAGE Publications Sage UK: London, England}
}
@article{cceken2019simulation,
  title={Simulation modeling of an iot based cold chain logistics management system},
  author={{\c{C}}eken, Celal and Abdurahman, Dini},
  journal={Sakarya University Journal of Computer and Information Sciences},
  volume={2},
  number={2},
  pages={89--100},
  year={2019}
}
@article{song2020analyzing,
  title={Analyzing barriers for adopting sustainable online consumption: A rough hierarchical DEMATEL method},
  author={Song, Wenyan and Zhu, Yue and Zhao, Qiuhong},
  journal={Computers \& Industrial Engineering},
  volume={140},
  pages={106279},
  year={2020},
  publisher={Elsevier}
}
@article{chauhan2018interpretive,
  title={An interpretive structural modeling (ISM) and decision-making trail and evaluation laboratory (DEMATEL) method approach for the analysis of barriers of waste recycling in India},
  author={Chauhan, Ankur and Singh, Amol and Jharkharia, Sanjay},
  journal={Journal of the Air \& Waste Management Association},
  volume={68},
  number={2},
  pages={100--110},
  year={2018},
  publisher={Taylor \& Francis}
}
@article{goodarzian2023designing,
  title={Designing an integrated responsive-green-cold vaccine supply chain network using Internet-of-Things: artificial intelligence-based solutions},
  author={Goodarzian, Fariba and Navaei, Ali and Ehsani, Behdad and Ghasemi, Peiman and Mu{\~n}uzuri, Jes{\'u}s},
  journal={Annals of Operations Research},
  volume={328},
  number={1},
  pages={531--575},
  year={2023},
  publisher={Springer}
}
@article{ben2019internet,
  title={Internet of things and supply chain management: a literature review},
  author={Ben-Daya, Mohamed and Hassini, Elkafi and Bahroun, Zied},
  journal={International journal of production research},
  volume={57},
  number={15-16},
  pages={4719--4742},
  year={2019},
  publisher={Taylor \& Francis}
}
@inproceedings{zhou2015iot,
  title={IoT and supply chain traceability},
  author={Zhou, Wei and Piramuthu, Selwyn},
  booktitle={Future Network Systems and Security: First International Conference, FNSS 2015, Paris, France, June 11-13, 2015, Proceedings 1},
  pages={156--165},
  year={2015},
  organization={Springer}
}

@article{badia2018new,
  title={New trends in cold chain monitoring applications-A review},
  author={Badia-Melis, R and Mc Carthy, U and Ruiz-Garcia, L and Garcia-Hierro, J and Villalba, JI Robla},
  journal={Food Control},
  volume={86},
  pages={170--182},
  year={2018},
  publisher={Elsevier}
}
@inproceedings{kokkinos2018efficient,
  title={Efficient traceability of aquatic products on the cold supply chain management via IoT and artificial neural networks},
  author={Kokkinos, K and Exadactylos, A and Vafidis, D and Hatziioannou, M},
  booktitle={Proceedings of the 3rd International Congress on Applied Ichthyology \& Aquatic Environment, Volos, Greece},
  pages={8--11},
  year={2018}
}
@article{gupta2019modeling,
  title={Modeling for deployment of digital technologies in the cold chain},
  author={Gupta, Vishal Kumar and Chaudhuri, Atanu and Tiwari, Manoj Kumar},
  journal={IFAC-PapersOnLine},
  volume={52},
  number={13},
  pages={1192--1197},
  year={2019},
  publisher={Elsevier}
}
@inproceedings{soh2021cold,
  title={Cold Chain Management System via Low Power Wide Area Network and IoT},
  author={Soh, Zainal Hisham Che and Zamri, Liyana Balqis Mohd and Sulaiman, Siti Noraini and CheAbdullah, Syahrul Afzal and Yahaya, Saiful Zaimy and Ibrahim, Mohammad Nizam},
  booktitle={2021 6th IEEE International Conference on Recent Advances and Innovations in Engineering (ICRAIE)},
  volume={6},
  pages={1--6},
  year={2021},
  organization={IEEE}
}
@inproceedings{zhang2020blockchain,
  title={Blockchain for iot-based digital supply chain: A survey},
  author={Zhang, Haibo and Sakurai, Kouichi},
  booktitle={Advances in Internet, Data and Web Technologies: The 8th International Conference on Emerging Internet, Data and Web Technologies (EIDWT-2020)},
  pages={564--573},
  year={2020},
  organization={Springer}
}
@inproceedings{nakamura2019tboi,
  title={A TBOI (time-based operation interruption) protocol to prevent late information flow in the IoT},
  author={Nakamura, Shigenari and Enokido, Tomoya and Takizawa, Makoto},
  booktitle={International Conference on Broadband and Wireless Computing, Communication and Applications},
  pages={93--104},
  year={2019},
  organization={Springer}
}
@inproceedings{shi2020framework,
  title={A framework for automatically generating IoT security quizzes in 360VR images/videos based on linked data},
  author={Shi, Wei and Gao, Tianhao and Kulshrestha, Srishti and Bose, Ranjan and Haga, Akira and Okada, Yoshihiro},
  booktitle={Advances in Internet, Data and Web Technologies: The 8th International Conference on Emerging Internet, Data and Web Technologies (EIDWT-2020)},
  pages={259--267},
  year={2020},
  organization={Springer}
}
@article{afreen2021iot,
  title={An IoT-based real-time intelligent monitoring and notification system of cold storage},
  author={Afreen, Hina and Bajwa, Imran Sarwar},
  journal={IEEE Access},
  volume={9},
  pages={38236--38253},
  year={2021},
  publisher={IEEE}
}

@article{gillespie2023real,
  title={Real-Time Anomaly Detection in Cold Chain Transportation Using IoT Technology},
  author={Gillespie, James and da Costa, Tam{\'\i}ris Pacheco and Cama-Moncunill, Xavier and Cadden, Trevor and Condell, Joan and Cowderoy, Tom and Ramsey, Elaine and Murphy, Fionnuala and Kull, Marco and Gallagher, Robert and others},
  journal={Sustainability},
  volume={15},
  number={3},
  pages={2255},
  year={2023},
  publisher={MDPI}
}
@article{li2021development,
  title={Development of cold chain logistics transportation system based on 5G network and Internet of things system},
  author={Li, Guie},
  journal={Microprocessors and Microsystems},
  volume={80},
  pages={103565},
  year={2021},
  publisher={Elsevier}
}
@inproceedings{umamaheswari2020iot,
  title={IoT based smart cold storage system for efficient stock management},
  author={Umamaheswari, K and Susneha, M and Kala, B Sheeba},
  booktitle={2020 International Conference on Communication and Signal Processing (ICCSP)},
  pages={0051--0055},
  year={2020},
  organization={IEEE}
}
@article{hernandez2017cold,
  title={Cold chain management with Internet of Things (IoT) enabled solutions for pharmaceutical industry},
  author={Hern{\'a}ndez, Atziri and Yamaura, Mamoru},
  journal={Malaysia Institute for Supply Chain Innovation},
  pages={1--6},
  year={2017}
}
@article{karimi2022developing,
  title={Developing an Internet of Things-based Intelligent Transportation Technology Roadmap in the Food Cold Supply Chain},
  author={Karimi, Tooraj and Azar, Adel and Mohebban, Bahareh and Ghasemi, Rohollah},
  journal={Industrial Management Journal},
  volume={14},
  number={2},
  pages={195--219},
  year={2022},
  publisher={University of Tehran}
}
@article{abdel2018internet,
  title={Internet of Things (IoT) and its impact on supply chain: A framework for building smart, secure and efficient systems},
  author={Abdel-Basset, Mohamed and Manogaran, Gunasekaran and Mohamed, Mai},
  journal={Future generation computer systems},
  volume={86},
  number={9},
  pages={614--628},
  year={2018}
}
@article{ben2020role,
  title={The role of internet of things in food supply chain quality management: A review},
  author={Ben-Daya, Mohamed and Hassini, Elkafi and Bahroun, Zied and Banimfreg, Bayan H},
  journal={Quality management journal},
  volume={28},
  number={1},
  pages={17--40},
  year={2020},
  publisher={Taylor \& Francis}
}
@article{shashi2022digitalization,
  title={Digitalization of pharmaceutical cold chain systems using IoT digital enabler},
  author={Shashi, Manish},
  journal={Int. J. Eng. Adv. Technol},
  volume={11},
  pages={133--137},
  year={2022}
}
@article{manavalan2019review,
  title={A review of Internet of Things (IoT) embedded sustainable supply chain for industry 4.0 requirements},
  author={Manavalan, Ethirajan and Jayakrishna, Kandasamy},
  journal={Computers \& industrial engineering},
  volume={127},
  pages={925--953},
  year={2019},
  publisher={Elsevier}
}
@inproceedings{madanayake2020investigating,
  title={Investigating the Skills and Knowledge Requirements for IOT implementation in Construction},
  author={Madanayake, U and Seidu, R and Young, B},
  booktitle={5th NA International Conference on Industrial Engineering and Operations Management},
  year={2020}
}
@article{hussain2017internet,
  title={Internet of Things: challenges and research opportunities},
  author={Hussain, Md Iftekhar},
  journal={CSI transactions on ICT},
  volume={5},
  pages={87--95},
  year={2017},
  publisher={Springer}
}
@techreport{seet2021iot,
  title={IoT and the Future Workforce: Potential Implications},
  author={Seet, Pi-Shen and Jones, Janice and Klarin, Anton and Suseno, Yuliani},
  year={2021},
  institution={Australian Council of Learned Academies}
}
@article{manoharan2022contextual,
  title={Contextual relationships among drivers and barriers to circular economy: An integrated ISM and DEMATEL approach},
  author={Manoharan, Shrinath and Pulimi, Venkata Sai Kumar and Kabir, Golam and Ali, Syed Mithun},
  journal={Sustainable Operations and Computers},
  volume={3},
  pages={43--53},
  year={2022},
  publisher={Elsevier}
}
@article{raut2017identify,
  title={To identify the critical success factors of sustainable supply chain management practices in the context of oil and gas industries: ISM approach},
  author={Raut, Rakesh D and Narkhede, Balkrishna and Gardas, Bhaskar B},
  journal={Renewable and Sustainable Energy Reviews},
  volume={68},
  pages={33--47},
  year={2017},
  publisher={Elsevier}
}
@article{aryal2020emerging,
  title={The emerging big data analytics and IoT in supply chain management: a systematic review},
  author={Aryal, Arun and Liao, Ying and Nattuthurai, Prasnna and Li, Bo},
  journal={Supply Chain Management: An International Journal},
  volume={25},
  number={2},
  pages={141--156},
  year={2020},
  publisher={Emerald Publishing Limited}
}
@article{al2020achieving,
  title={Achieving resilience in the supply chain by applying IoT technology},
  author={Al-Talib, Moayad and Melhem, Wasen Y and Anosike, Anthony I and Reyes, Jose Arturo Garza and Nadeem, Simon Peter and others},
  journal={Procedia Cirp},
  volume={91},
  pages={752--757},
  year={2020},
  publisher={Elsevier}
}
@article{shih2016integrating,
  title={Integrating wireless sensor networks with statistical quality control to develop a cold chain system in food industries},
  author={Shih, Chih-Wen and Wang, Chih-Hsuan},
  journal={Computer Standards \& Interfaces},
  volume={45},
  pages={62--78},
  year={2016},
  publisher={Elsevier}
}
@inproceedings{salunkhe2016iot,
  title={IoT driven smart system for best cold chain application},
  author={Salunkhe, PG and Nerkar, Rasika},
  booktitle={2016 International Conference on Global Trends in Signal Processing, Information Computing and Communication (ICGTSPICC)},
  pages={64--67},
  year={2016},
  organization={IEEE}
}
@inproceedings{hasanat2020iot,
  title={An IoT based real-time data-centric monitoring system for vaccine cold chain},
  author={Hasanat, Raisa Tahseen and Rahman, MD Arifur and Mansoor, Nafees and Mohammed, Nabeel and Rahman, Mohammad Shahriar and Rasheduzzaman, Mirza},
  booktitle={2020 IEEE East-West Design \& Test Symposium (EWDTS)},
  pages={1--5},
  year={2020},
  organization={IEEE}
}
@inproceedings{chen2020research,
  title={Research on optimization of food cold chain logistics distribution route based on internet of things},
  author={Chen, Jun and Xu, Shiyan and Chen, Hui and Zhao, Chenyang and Xue, Keer},
  booktitle={Journal of Physics: Conference Series},
  volume={1544},
  number={1},
  pages={012086},
  year={2020},
  organization={IOP Publishing}
}
@article{krotov2017internet,
  title={The Internet of Things and new business opportunities},
  author={Krotov, Vlad},
  journal={Business Horizons},
  volume={60},
  number={6},
  pages={831--841},
  year={2017},
  publisher={Elsevier}
}
